<?xml version="1.0" encoding="UTF-8"?><collection xmlns="http://www.loc.gov/MARC21/slim"><record><leader>00593nam--2200181-i-4500</leader><controlfield tag="001">000041307</controlfield><controlfield tag="002">20161230</controlfield><controlfield tag="005">20161230201043</controlfield><controlfield tag="008">060222s1000------------r-----000-0-rum-d</controlfield><datafield ind1=" " ind2=" " tag="040"><subfield code="a">IFIN-HH</subfield></datafield><datafield ind1=" " ind2=" " tag="041"><subfield code="a">rum</subfield></datafield><datafield ind1=" " ind2=" " tag="080"><subfield code="a">53(061.3)</subfield></datafield><datafield ind1="1" ind2=" " tag="110"><subfield code="a">Institutul Central De Fizica, Magurele</subfield></datafield><datafield ind1="1" ind2="0" tag="245"><subfield code="a">Sesiunea nationala a tineretului pe probleme de fizicsa si domenii conexe. tineretul, fizica si progresul tehnico-stiintific. bucuresti - magurele editia 1986 rezumatele lucrarilor</subfield></datafield><datafield ind1=" " ind2=" " tag="260"><subfield code="a">Bucuresti</subfield><subfield code="b">Ifa</subfield><subfield code="c">1986</subfield></datafield><datafield ind1=" " ind2=" " tag="300"><subfield code="a">109P</subfield></datafield><datafield ind1=" " ind2=" " tag="852"><subfield code="a">73713</subfield><subfield code="c">53</subfield></datafield><datafield ind1=" " ind2=" " tag="CAT"><subfield code="a">Sys</subfield><subfield code="c">20150811</subfield><subfield code="h">145237</subfield></datafield></record></collection>